<?xml version="1.0" encoding="UTF-8"?><record xmlns="http://www.loc.gov/MARC21/slim" xmlns:cinclude="http://apache.org/cocoon/include/1.0" xmlns:zs="http://www.loc.gov/zing/srw/">
  <leader>00506nz  a2200133n  4500</leader>
  <controlfield tag="001">n  85365824 </controlfield>
  <controlfield tag="003">DLC</controlfield>
  <controlfield tag="005">19870825092439.9</controlfield>
  <controlfield tag="008">870721n| acannaab|          |a aaa ||| c</controlfield>
  <datafield tag="010" ind1=" " ind2=" ">
    <subfield code="a">n  85365824 </subfield>
  </datafield>
  <datafield tag="040" ind1=" " ind2=" ">
    <subfield code="a">IU</subfield>
    <subfield code="c">DLC</subfield>
    <subfield code="d">DLC</subfield>
  </datafield>
  <datafield tag="100" ind1="1" ind2="0">
    <subfield code="a">Gorelyĭ, V. I.</subfield>
    <subfield code="q">(Vasiliĭ Ivanovich)</subfield>
  </datafield>
  <datafield tag="400" ind1="1" ind2="0">
    <subfield code="a">Gorelyĭ, Vasiliĭ Ivanovich</subfield>
  </datafield>
  <datafield tag="670" ind1=" " ind2=" ">
    <subfield code="a">I︠A︡nkin, V. G. Finansovo-khozi︠a︡ĭstvennai︠a︡ dei︠a︡telʹnostʹ predprii︠a︡tii︠a︡, 1986:</subfield>
    <subfield code="b">t.p. (V.I. Gorelyĭ) colophon (Vasiliĭ Ivanovich Gorelyĭ)</subfield>
  </datafield>
</record>